<?xml version="1.0" encoding="UTF-8"?><collection xmlns="http://www.loc.gov/MARC21/slim"><record><leader>00451nam--2200169-i-4500</leader><controlfield tag="001">000039781</controlfield><controlfield tag="002">20161230</controlfield><controlfield tag="005">20161230201042</controlfield><controlfield tag="008">060222s1000------------r-----000-0-ger-d</controlfield><datafield ind1=" " ind2=" " tag="041"><subfield code="a">ger</subfield></datafield><datafield ind1=" " ind2=" " tag="080"><subfield code="a">535.4</subfield></datafield><datafield ind1="1" ind2=" " tag="100"><subfield code="a">Rubinowicz,A</subfield></datafield><datafield ind1="1" ind2="0" tag="245"><subfield code="a">Die beugungswelle in der kirchhoffschen theorie der beugung</subfield><subfield code="c">A. rubinowicz</subfield></datafield><datafield ind1=" " ind2=" " tag="260"><subfield code="a">NEW WORK</subfield><subfield code="b">Springer-verlag</subfield><subfield code="c">1966</subfield></datafield><datafield ind1=" " ind2=" " tag="300"><subfield code="a">XI + 411 P</subfield></datafield><datafield ind1=" " ind2=" " tag="852"><subfield code="a">75494</subfield><subfield code="c">535</subfield></datafield><datafield ind1=" " ind2=" " tag="CAT"><subfield code="a">Sys</subfield><subfield code="c">20101126</subfield><subfield code="h">115256</subfield></datafield></record></collection>